<?xml version="1.0" encoding="UTF-8"?><record xmlns="http://www.loc.gov/MARC21/slim" xmlns:cinclude="http://apache.org/cocoon/include/1.0" xmlns:zs="http://www.loc.gov/zing/srw/">
  <leader>00768cz  a2200157n  4500</leader>
  <controlfield tag="001">n 2005172021</controlfield>
  <controlfield tag="003">DLC</controlfield>
  <controlfield tag="005">20130821120840.0</controlfield>
  <controlfield tag="008">050413n| azannaabn           a ana      </controlfield>
  <datafield tag="010" ind1=" " ind2=" ">
    <subfield code="a">n 2005172021</subfield>
  </datafield>
  <datafield tag="040" ind1=" " ind2=" ">
    <subfield code="a">DLC</subfield>
    <subfield code="b">eng</subfield>
    <subfield code="e">rda</subfield>
    <subfield code="c">DLC</subfield>
    <subfield code="d">DLC</subfield>
  </datafield>
  <datafield tag="110" ind1="2" ind2=" ">
    <subfield code="a">South America (Bark)</subfield>
  </datafield>
  <datafield tag="372" ind1=" " ind2=" ">
    <subfield code="a">Whaling</subfield>
  </datafield>
  <datafield tag="510" ind1="2" ind2=" ">
    <subfield code="w">a</subfield>
    <subfield code="a">South America (Ship : 1832-1855)</subfield>
  </datafield>
  <datafield tag="670" ind1=" " ind2=" ">
    <subfield code="a">NUCMC data from New Bedford Whaling Museum, Kendall Institute for Its Logbook, 1854 Mar. 8-1855 Apr. 19</subfield>
    <subfield code="b">(South America; ship; whaling vessel out of New Bedford, Mass.; built at New York, 1832)</subfield>
  </datafield>
  <datafield tag="670" ind1=" " ind2=" ">
    <subfield code="a">History of the American whale fishery, 1964</subfield>
    <subfield code="b">p. 482, etc. (South America; ship; 616 tons; bought from Providence, R.I., 1851; whaling vessel out of New Bedford; rerigged to bark, 1855; sold and withdrawn, 1860)</subfield>
  </datafield>
</record>